
@misc{Authors14,
 author = {Authors},
 title = {The frobnicatable foo filter},
 note = {Face and Gesture  submission ID 324. Supplied as additional material {\tt fg324.pdf}},
 year = 2014
}

@misc{Authors14b,
 author = {Authors},
 title = {Frobnication tutorial},
 note = {Supplied as additional material {\tt tr.pdf}},
 year = 2014
}

@article{Alpher02,
author = {A. Alpher},
title = {Frobnication},
journal = {Journal of Foo},
volume = 12, 
number = 1, 
pages = {234--778}, 
year = 2002
}

@article{Alpher03,
author = {A. Alpher and  J.~P.~N. Fotheringham-Smythe},
title = {Frobnication revisited},
journal = {Journal of Foo},
volume = 13, 
number = 1, 
pages = {234--778}, 
year = 2003
}

@article{Alpher04,
author = {A. Alpher and J.~P.~N. Fotheringham-Smythe and G. Gamow},
title = {Can a machine frobnicate?},
journal = {Journal of Foo},
volume = 14, 
number = 1, 
pages = {234--778}, 
year = 2004
}

@misc{bmp,
  author = {Aura Conci},
  title = {{O FORMATO BMP DE ARMAZENAMENTO DE IMAGENS}},
  howpublished = {\url{http://www2.ic.uff.br/~aconci/curso/FormatoBMP.htm}},
  lastchecked = {29.09.2018}
}

@book{paulus2003applied,
  title={Applied pattern recognition: algorithms and implementation in C++},
  author={Paulus, Dietrich and Hornegger, Joachim},
  year={2003},
  publisher={Springer Science \& Business Media}
}

@misc{thresholdopencv,
  title={Site OpenCv},
   howpublished = {\url{https://docs.opencv.org/2.4/doc/tutorials/imgproc/threshold/threshold.html}}
}

@misc{gaussianDaniel,
  author={Daniel RÃ¡kos},
  title={Efficient Gaussian blur with linear sampling},
  year={2010},
   howpublished = {\url{http://rastergrid.com/blog/2010/09/efficient-gaussian-blur-with-linear-sampling/}}
}